% Encoding: UTF-8

@article{Sfeir2011,
  Author  = {Mona Nicole Sfeir}, 
  Title   = {Laws of the Game (adapted from FIFA 2010-11)},
  Journal = {World Literature Today},
  Year    = {2011},
  Number  = {3},
  Pages   = {38-39},
  Month   = {may},
  Volume  = {85}
}

@inproceedings{Boser1992,
 author = {Boser, Bernhard E. and Guyon, Isabelle M. and Vapnik, Vladimir N.},
 title = {A Training Algorithm for Optimal Margin Classifiers},
 booktitle = {Proceedings of the Fifth Annual Workshop on Computational Learning Theory},
 series = {COLT '92},
 year = {1992},
 isbn = {0-89791-497-X},
 location = {Pittsburgh, Pennsylvania, USA},
 pages = {144--152},
 numpages = {9},
 url = {http://doi.acm.org/10.1145/130385.130401},
 doi = {10.1145/130385.130401},
 acmid = {130401},
 publisher = {ACM},
 address = {New York, NY, USA}
} 

@Misc{FIFAwatch,
  Title  		= {More than half the world watched record-breaking 2018 World Cup},
  Author 		= {FIFA},
  Year 			= {2018},
  Timestamp 	= {2019-06-15},
  Url 			= {https://www.fifa.com/worldcup/news/more-than-half-the-world-watched-record-breaking-2018-world-cup},
  Urlaccessdate	= {15 jun 2019}
}

@Misc{FIFAlucro,
  Title  		= {Financial Report 2018},
  Author 		= {FIFA},
  Year 			= {2019},
  Timestamp 	= {2019-06-15},
  Url 			= {https://resources.fifa.com/image/upload/xzshsoe2ayttyquuxhq0.pdf},
  Urlaccessdate	= {15 jun 2019}
}

@Misc{PyPIPandas,
  author    = {PyPI},
  title     = {Pandas},
  year      = {2019},
  timestamp = {2019-11-19},
  url       = {https://pypi.org/project/pandas/},
  Urlaccessdate	= {19 nov 2019}
}

@Misc{StandardScaler,
  author    = {scikit-learn},
  title     = {sklearn.preprocessing.StandardScaler},
  year      = {2019},
  timestamp = {2019-11-24},
  url       = {https://scikit-learn.org/stable/modules/generated/sklearn.preprocessing.StandardScaler.html},
  Urlaccessdate	= {24 nov 2019}
}

@Misc{ValidacaoCruzada,
  author    = {Alex Souza},
  title     = {Validação Cruzada: Conceito e Exemplo em R},
  year      = {2019},
  timestamp = {2019-11-24},
  url       = {https://pessoalex.wordpress.com/2019/04/16/validacao-cruzada-conceito-e-exemplo-em-r/},
  Urlaccessdate	= {24 nov 2019}
}

@Misc{Caraciolo2009,
  author    = {Marcel Pinheiro Caraciolo},
  title     = {Introdução a Árvores de decisão para classificação e mineração de dados},
  year      = {2009},
  timestamp = {2019-11-24},
  url       = {http://aimotion.blogspot.com/2009/04/artigo-introducao-arvores-de-decisao.html},
  Urlaccessdate	= {24 nov 2019}
}

@Misc{DMITRIEVSKY2018,
  author    = {MAXIM DMITRIEVSKY},
  title     = {Floresta de decisão aleatória na aprendizagem por reforço},
  year      = {2018},
  timestamp = {2019-11-24},
  url       = {https://www.mql5.com/pt/articles/3856},
  Urlaccessdate	= {24 nov 2019}
}

@Misc{Amaral2014,
  author    = {Cesar do Amaral, Jose Maria Celestino de Lima, Luiz Eduardo Santos de Oliveira},
  title     = {Rede Neural Supervisionada Multicamadas - Árvore de decisão plataforma WEKA},
  year      = {2014},
  timestamp = {2019-11-26},
  url       = {https://pt.slideshare.net/cesardoamatal/a-rede-neural-supervisionada-chamada-perceptron-multicamadas},
  Urlaccessdate	= {26 nov 2019}
}

@Article{Breiman2001,
  author    = {Leo Breiman},
  journal   = {Machine Learning},
  year      = {2001},
  volume    = {45},
  number    = {1},
  pages     = {5--32},
  doi       = {10.1023/a:1010933404324},
  publisher = {Springer Nature}
}

@Article{Perin2013,
  Author 		= {Charles Perin and Romain Vuillemot and Jean-Daniel Fekete},
  Title 		= {{SoccerStories}: A Kick-off for Visual Soccer Analysis},
  Journal 		= {{IEEE} Transactions on Visualization and Computer Graphics},
  Year 			= {2013},
  Volume 		= {19},
  Number 		= {12},
  Pages 		= {2506--2515},
  Month 		= {dec},
  Doi 			= {10.1109/tvcg.2013.192},
  Publisher 	= {Institute of Eletrical and Electronics Engineers ({IEEE})}
}

@Article{scikit-learn,
 title={Scikit-learn: Machine Learning in {P}ython},
 author={Pedregosa, F. and Varoquaux, G. and Gramfort, A. and Michel, V.
         and Thirion, B. and Grisel, O. and Blondel, M. and Prettenhofer, P.
         and Weiss, R. and Dubourg, V. and Vanderplas, J. and Passos, A. and
         Cournapeau, D. and Brucher, M. and Perrot, M. and Duchesnay, E.},
 journal={Journal of Machine Learning Research},
 volume={12},
 pages={2825--2830},
 year={2011}
}

@Article{Constantinou2013,
  Author 		= {Anthony Costa Constantinou and Norman Elliott Fenton and Martin Neil},
  Title 		= {Profiting from an inefficient association football gambling market: Prediction, risk and uncertainty using Bayesian networks},
  Journal 		= {Knowledge-Based Systems},
  Year 			= {2013},
  Volume 		= {50},
  Pages 		= {60--86},
  Month 		= {sep},
  Doi 			= {10.1016/j.knosys.2013.05.008},
  Publisher 	= {Elsevier {BV}}
}

@Article{Hucaljuk2011,
  Author		= {Josip Hucaljuk and Alen Rakipović},
  Title 		= {Predicting football scores using machine learning techniques},
  Journal		= {2011 Proceedings of the 34th International Convention MIPRO},
  Year			= {2011},
  Month 		= {may}
}

@Article{Martins2017,
  Author 		= {Rodrigo G. Martins and Alessandro S. Martins and Leandro A. Neves and Luciano V. Lima and Edna L. Flores and Marcelo Z. do Nascimento},
  Title 		= {Exploring polynomial classifier to predict match results in football championships},
  Journal 		= {Expert Systems with Applications},
  Year 			= {2017},
  Volume 		= {83},
  Pages 		= {79--93},
  Month 		= {oct},
  Doi 			= {10.1016/j.eswa.2017.04.040},
  Publisher 	= {Elsevier {BV}}
}

@Article{Brooks2016,
  Author 		= {Joel Brooks and Matthew Kerr and John Guttag},
  Title 		= {Using machine learning to draw inferences from pass location data in soccer},
  Journal 		= {Statistical Analysis and Data Mining: The {ASA} Data Science Journal},
  Year 			= {2016},
  Volume 		= {9},
  Number		= {5},
  Pages 		= {338--349},
  Month 		= {jun},
  Doi 			= {10.1002/sam.11318},
  Publisher 	= {Wiley}
}

@Phdthesis{Ulmer2014,
  author       = {Ben Ulmer and Matthew Fernandez}, 
  title        = {Predicting Soccer Match Results in the English Premier League},
  school       = {Stanford University},
  year         = {2013}
}

@MastersThesis{Zanini2007,
  author = {Alexandre Zanini},
  title  = {Regressão Logística e Redes Neurais Artificiais: Um Problema de Estrutura de Preferência do Consumidor e Classificação de Perfis de Consumo},
  school = {Faculdade de Economia e Administração da Universidade Federal de Juiz de Fora},
  year   = {2007},
  url    = {http://www.ufjf.br/poseconomia/files/2010/01/td_007_20071.pdf}
}

@MastersThesis{Isolete2013,
  author = {Cleidy Isolete Silva Cabral},
  title  = {Aplicação do Modelo de Regressão Logística num Estudo de Mercado},
  school = {Universidade de Lisboa},
  year   = {2013},
  url    = {https://repositorio.ul.pt/bitstream/10451/10671/1/ulfc106455_tm_Cleidy_Cabral.pdf}
}

@Article{Igiri2015,
  Author 		= {Chinwe Peace Igiri},
  Title 		= {Support Vector Machine–Based Prediction System for a Football Match Result},
  Journal 		= {{IOSR} Journal of Computer Engineering},
  Year 			= {2015},
  Volume 		= {17},
  Number		= {3},
  Pages 		= {21--26},
  Month 		= {jun}
}

@Article{Owramipur2013,
  Author 		= {Farzin Owramipur and Parinaz Eskandarian and Faezeh Sadat Mozneb},
  Title 		= {Football Result Prediction with Bayesian Network in Spanish League-Barcelona Team},
  Journal 		= {International Journal of Computer Theory and Engineering},
  Year 			= {2013},
  Pages 		= {812--815},
  Doi 			= {10.7763/ijcte.2013.v5.802},
  Publisher 	= {{IACSIT} Press}
}

@Article{Tax2015,
  Author 		= {Niek Tax and Yme Joustra},
  Title 		= {Predicting The Dutch Football Competition Using Public Data: A Machine Learning Approach},
  Year 			= {2015},
  Doi 			= {10.13140/rg.2.1.1383.4729},
  Language		= {en},
  Publisher 	= {Unpublished}
}

@Mastersthesis{Duarte2015,
  author       = {Luís M. da S. Duarte and Carlos Soares and Jorge Teixeira}, 
  title        = {Previsão de resultados de jogos de futebol},
  school       = {Faculdade da Engenharia da Universidade do Porto},
  year         = {2015}
}

@Article{Pendharkar2000,
  Author 		= {Parag C. Pendharkar and Mehdi Khosrowpour and James A. Rodger},
  Title 		= {Application of Bayesian Network Classifiers and Data Envelopment Analysis for Mining Breast Cancer Patterns},
  Journal 		= {Journal of Computer Information Systems},
  Year 			= {2000},
  Volume 		= {40},
  Number		= {4},
  Pages 		= {127--132}
}

@Article{Ramirez-Villegas2012,
  Author 		= {Juan F. Ramirez-Villegas and David F. Ramirez-Moreno},
  Title 		= {Wavelet packet energy, Tsallis entropy and statistical parameterization for support vector-based and neural-based classification of mammographic regions},
  Journal 		= {Neurocomputing},
  Year 			= {2012},
  Volume 		= {77},
  Number		= {1},
  Pages 		= {82--100},
  Month 		= {feb},
  Doi 			= {10.1016/j.neucom.2011.08.015},
  Publisher 	= {Elsevier {BV}}
}

@Article{Hall2009,
  Author 		= {Mark Hall and Eibe Frank and Geoffrey Holmes and Bernhard Pfahringer and Peter Reutemann and Ian H. Witten},
  Title 		= {The {WEKA} data mining software: An update},
  Journal 		= {{ACM} {SIGKDD} Explorations Newsletter},
  Year 			= {2009},
  Volume 		= {11},
  Number		= {1},
  Pages 		= {10},
  Month 		= {nov},
  Doi 			= {10.1145/1656274.1656278},
  Publisher 	= {Association for Computing Machinery ({ACM})}
}

@Comment{jabref-meta: databaseType:bibtex;}
